@book{
    rothmaler95,
    title = {Einf체hrung in die Modelltheorie : Vorlesungen},
    series = {Spektrum-Lehrbuch},
    author = {Rothmaler, P.},
    editor = {Reitmaier, Frank},
    address = {Heidelberg u.a.},
    publisher = {Spektrum, Akad. Verl.},
    year = {1995},
    url = {http://swbplus.bsz-bw.de/bsz047598018inh.htm}
}

@book{
    chang98,
    title = {Model theory},
    series = {Studies in logic and the foundations of mathematics},
    author = {Chang, C.-C. and Keisler, H. J.},
    address = {Amsterdam u.a.},
    publisher = {Elsevier},
    year = {1998},
    edition = {3. ed., 5. impr.},
}

@book{
    hodges93,
    title = {Model theory},
    series = {Encyclopedia of mathematics and its applications},
    author = {Hodges, W.},
    address = {Cambridge},
    publisher = {Cambridge Univ. Pr.},
    year = {1993},
    note = {Literaturverz. S. 716 - 754 ; Hier auch sp채ter erschienene, unver채nderte Nachdrucke.},
}

@book{
    ebbinghaus07,
    title = {Einf체hrung in die mathematische Logik},
    series = {HochschulTaschenbuch},
    author = {Ebbinghaus, H.-D. and Flum, J. and Thomas, W.},
    address = {Berlin ; Heidelberg},
    publisher = {Spektrum Akad. Verl.},
    year = {2007},
    edition = {5. Aufl.},
    url = {http://deposit.d-nb.de/cgi-bin/dokserv?id=2966238&prov=M&dok%5Fvar=1&dok%5Fext=htm},
}

@book{
    bell69,
    title = {Models and ultraproducts : an introduction},
    author = {Bell, J. L. and Slomson, A. B.},
    address = {Amsterdam u.a.},
    publisher = {North-Holland Publ. Comp.},
    year = {1969},
}
